
@misc{kaggle,
  author={Kaggle},
  title = "TensorFlow Speech Recognition Challenge",
  url = "https://www.kaggle.com/c/tensorflow-speech-recognition-challenge/overview",
  year = 2019,
}

@misc{oxerin-baseline,
  author={Oxerin, Alex},
  title = "End-to-end baseline TF Estimator LB 0.72",
  url = "https://www.kaggle.com/alexozerin/end-to-end-baseline-tf-estimator-lb-0-72",
  year = 2019,
}

@article{speechcommands,
  title={Speech Commands: A public dataset for single-word speech recognition.},
  author={Warden, Pete},
  journal={Dataset available from http://download.tensorflow.org/data/speech\_commands\_v0.01.tar.gz},
  year={2017}
}

@inproceedings{graves2013speech,
  title={Speech recognition with deep recurrent neural networks},
  author={Graves, Alex and Mohamed, Abdel-rahman and Hinton, Geoffrey},
  booktitle={2013 IEEE international conference on acoustics, speech and signal processing},
  pages={6645--6649},
  year={2013},
  organization={IEEE}
}

@article{hinton2012deep,
  title={Deep neural networks for acoustic modeling in speech recognition},
  author={Hinton, Geoffrey and Deng, Li and Yu, Dong and Dahl, George and Mohamed, Abdel-rahman and Jaitly, Navdeep and Senior, Andrew and Vanhoucke, Vincent and Nguyen, Patrick and Kingsbury, Brian and others},
  journal={IEEE Signal processing magazine},
  volume={29},
  year={2012}
}

@inproceedings{amodei2016deep,
  title={Deep speech 2: End-to-end speech recognition in english and mandarin},
  author={Amodei, Dario and Ananthanarayanan, Sundaram and Anubhai, Rishita and Bai, Jingliang and Battenberg, Eric and Case, Carl and Casper, Jared and Catanzaro, Bryan and Cheng, Qiang and Chen, Guoliang and others},
  booktitle={International conference on machine learning},
  pages={173--182},
  year={2016}
}

@inproceedings{deng2013new,
  title={New types of deep neural network learning for speech recognition and related applications: An overview},
  author={Deng, Li and Hinton, Geoffrey and Kingsbury, Brian},
  booktitle={2013 IEEE International Conference on Acoustics, Speech and Signal Processing},
  pages={8599--8603},
  year={2013},
  organization={IEEE}
}

@article{zhang2017hello,
  title={Hello edge: Keyword spotting on microcontrollers},
  author={Zhang, Yundong and Suda, Naveen and Lai, Liangzhen and Chandra, Vikas},
  journal={arXiv preprint arXiv:1711.07128},
  year={2017}
}

@article{arik2017convolutional,
  title={Convolutional recurrent neural networks for small-footprint keyword spotting},
  author={Arik, Sercan O and Kliegl, Markus and Child, Rewon and Hestness, Joel and Gibiansky, Andrew and Fougner, Chris and Prenger, Ryan and Coates, Adam},
  journal={arXiv preprint arXiv:1703.05390},
  year={2017}
}

@inproceedings{wang2017trainable,
  title={Trainable frontend for robust and far-field keyword spotting},
  author={Wang, Yuxuan and Getreuer, Pascal and Hughes, Thad and Lyon, Richard F and Saurous, Rif A},
  booktitle={2017 IEEE International Conference on Acoustics, Speech and Signal Processing (ICASSP)},
  pages={5670--5674},
  year={2017},
  organization={IEEE}
}

@article{sainath2015convolutional,
  title={Convolutional neural networks for small-footprint keyword spotting},
  author={Sainath, Tara and Parada, Carolina},
  year={2015}
}
